@misc{LeetCode,
  title={{LeetCode}},
  author={Leetcode},
  url={https://leetcode.com/},
  year={2019}
}
@inproceedings{santos2018symbolic,
	title={Symbolic execution for javascript},
	author={Santos, Jos{\'e} Fragoso and Maksimovi{\'c}, Petar and Grohens, Th{\'e}otime and Dolby, Julian and Gardner, Philippa},
	booktitle={Proceedings of the 20th International Symposium on Principles and Practice of Declarative Programming},
	pages={11},
	year={2018},
	organization={ACM}
}

@misc{ecmascript2019ecmascript,
  title={Ecmascript language specification},
  author={ECMAScript, ECMA and European Computer Manufacturers Association and others},
  url={https://www.ecma-international.org/ecma-262/},
  year={2019}
}

@inproceedings{aydin2018parameterized,
	title={Parameterized model counting for string and numeric constraints},
	author={Aydin, Abdulbaki and Eiers, William and Bang, Lucas and Brennan, Tegan and Gavrilov, Miroslav and Bultan, Tevfik and Yu, Fang},
	booktitle={Proceedings of the 2018 26th ACM Joint Meeting on European Software Engineering Conference and Symposium on the Foundations of Software Engineering},
	pages={400--410},
	year={2018},
	organization={ACM}
}

@inproceedings{yu2010stranger,
  title={Stranger: An automata-based string analysis tool for php},
  author={Yu, Fang and Alkhalaf, Muath and Bultan, Tevfik},
  booktitle={International Conference on Tools and Algorithms for the Construction and Analysis of Systems},
  pages={154--157},
  year={2010},
  organization={Springer}
}

@inproceedings{kausler2014evaluation,
  title={Evaluation of string constraint solvers in the context of symbolic execution},
  author={Kausler, Scott and Sherman, Elena},
  booktitle={Proceedings of the 29th ACM/IEEE international conference on Automated software engineering},
  pages={259--270},
  year={2014},
  organization={ACM}
}

@inproceedings{trinh2016progressive,
  title={Progressive reasoning over recursively-defined strings},
  author={Trinh, Minh-Thai and Chu, Duc-Hiep and Jaffar, Joxan},
  booktitle={International Conference on Computer Aided Verification},
  pages={218--240},
  year={2016},
  organization={Springer}
}

@inproceedings{trinh2014s3,
  title={S3: A symbolic string solver for vulnerability detection in web applications},
  author={Trinh, Minh-Thai and Chu, Duc-Hiep and Jaffar, Joxan},
  booktitle={Proceedings of the 2014 ACM SIGSAC Conference on Computer and Communications Security},
  pages={1232--1243},
  year={2014},
  organization={ACM}
}

@article{chen2017decidable,
  title={What is decidable about string constraints with the ReplaceAll function},
  author={Chen, Taolue and Chen, Yan and Hague, Matthew and Lin, Anthony W and Wu, Zhilin},
  journal={Proceedings of the ACM on Programming Languages},
  volume={2},
  number={POPL},
  pages={3},
  year={2017},
  publisher={ACM}
}

@inproceedings{lin2016string,
  title={String solving with word equations and transducers: towards a logic for analysing mutation XSS},
  author={Lin, Anthony W and Barcel{\'o}, Pablo},
  booktitle={ACM SIGPLAN Notices},
  volume={51},
  number={1},
  pages={123--136},
  year={2016},
  organization={ACM}
}

@article{barcelo2013graph,
  title={Graph logics with rational relations},
  author={Barcel{\'o}, Pablo and Figueira, Diego and Libkin, Leonid},
  journal={arXiv preprint arXiv:1304.4150},
  year={2013}
}

@inproceedings{morvan2000rational,
  title={On rational graphs},
  author={Morvan, Christophe},
  booktitle={International Conference on Foundations of Software Science and Computation Structures},
  pages={252--266},
  year={2000},
  organization={Springer}
}

@incollection{buchi1990definability,
  title={Definability in the existential theory of concatenation and undecidable extensions of this theory},
  author={B{\"u}chi, J Richard and Senger, Steven},
  booktitle={The Collected Works of J. Richard B{\"u}chi},
  pages={671--683},
  year={1990},
  publisher={Springer}
}

@article{ganesh2016undecidability,
  title={Undecidability of a theory of strings, linear arithmetic over length, and string-number conversion},
  author={Ganesh, Vijay and Berzish, Murphy},
  journal={arXiv preprint arXiv:1605.09442},
  year={2016}
}

@inproceedings{ganesh2012word,
  title={Word equations with length constraints: what’s decidable?},
  author={Ganesh, Vijay and Minnes, Mia and Solar-Lezama, Armando and Rinard, Martin},
  booktitle={Haifa Verification Conference},
  pages={209--226},
  year={2012},
  organization={Springer}
}

@inproceedings{schulz1990makanin,
  title={Makanin's algorithm for word equations-two improvements and a generalization},
  author={Schulz, Klaus U},
  booktitle={International Workshop on Word Equations and Related Topics},
  pages={85--150},
  year={1990},
  organization={Springer}
}

@inproceedings{robson1999quadratic,
  title={On quadratic word equations},
  author={Robson, John Michael and Diekert, Volker},
  booktitle={Annual Symposium on Theoretical Aspects of Computer Science},
  pages={217--226},
  year={1999},
  organization={Springer}
}

@incollection{matiyasevich2008computation,
  title={Computation paradigms in light of Hilbert's tenth problem},
  author={Matiyasevich, Yuri},
  booktitle={New computational paradigms},
  pages={59--85},
  year={2008},
  publisher={Springer}
}

@inproceedings{plandowski2006efficient,
  title={An efficient algorithm for solving word equations},
  author={Plandowski, Wojciech},
  booktitle={Proceedings of the thirty-eighth annual ACM symposium on Theory of computing},
  pages={467--476},
  year={2006},
  organization={ACM}
}

@inproceedings{plandowski1999satisfiability,
  title={Satisfiability of word equations with constants is in PSPACE},
  author={Plandowski, Wojciech},
  booktitle={40th Annual Symposium on Foundations of Computer Science (Cat. No. 99CB37039)},
  pages={495--500},
  year={1999},
  organization={IEEE}
}

@article{makanin1977problem,
  title={The problem of solvability of equations in a free semigroup},
  author={Makanin, Gennadiy Semenovich},
  journal={Matematicheskii Sbornik},
  volume={145},
  number={2},
  pages={147--236},
  year={1977},
  publisher={Russian Academy of Sciences, Steklov Mathematical Institute of Russian~…}
}

@article{quine1946concatenation,
  title={Concatenation as a basis for arithmetic},
  author={Quine, Willard V},
  journal={The Journal of Symbolic Logic},
  volume={11},
  number={4},
  pages={105--114},
  year={1946},
  publisher={Cambridge University Press}
}

@inproceedings{saxena2010flax,
  title={FLAX: Systematic Discovery of Client-side Validation Vulnerabilities in Rich Web Applications.},
  author={Saxena, Prateek and Hanna, Steve and Poosankam, Pongsin and Song, Dawn},
  booktitle={NDss},
  year={2010}
}

@article{yu2011relational,
	title={Relational string verification using multi-track automata},
	author={Yu, Fang and Bultan, Tevfik and Ibarra, Oscar H},
	journal={International Journal of Foundations of Computer Science},
	volume={22},
	number={08},
	pages={1909--1924},
	year={2011},
	publisher={World Scientific}
}

@inproceedings{yu2016optimal,
	title={Optimal sanitization synthesis for web application vulnerability repair},
	author={Yu, Fang and Shueh, Ching-Yuan and Lin, Chun-Han and Chen, Yu-Fang and Wang, Bow-Yaw and Bultan, Tevfik},
	booktitle={Proceedings of the 25th International Symposium on Software Testing and Analysis},
	pages={189--200},
	year={2016},
	organization={ACM}
}

@inproceedings{blotsky2018stringfuzz,
	title={Stringfuzz: A fuzzer for string solvers},
	author={Blotsky, Dmitry and Mora, Federico and Berzish, Murphy and Zheng, Yunhui and Kabir, Ifaz and Ganesh, Vijay},
	booktitle={International Conference on Computer Aided Verification},
	pages={45--51},
	year={2018},
	organization={Springer}
}

@InProceedings{aplas,
  title={A Decision Procedure for String Logic with Quadratic Equations, Regular Expressions and Length Constraints},
  author={Le, Quang Loc and He, Mengda},
  booktitle={Asian Symposium on Programming Languages and Systems},
  pages={350--372},
  year={2018},
  organization={Springer}
}

@InProceedings{termEQ,
  title={High-level abstractions for simplifying extended string constraints in SMT},
  author={Reynolds, Andrew and N{\"o}tzli, Andres and Barrett, Clark and Tinelli, Cesare},
  booktitle={International Conference on Computer Aided Verification},
  pages={23--42},
  year={2019},
  organization={Springer}
}


@InProceedings{pyex,
  title={Scaling up DPLL (T) string solvers using context-dependent simplification},
  author={Reynolds, Andrew and Woo, Maverick and Barrett, Clark and Brumley, David and Liang, Tianyi and Tinelli, Cesare},
  booktitle={International Conference on Computer Aided Verification},
  pages={453--474},
  year={2017},
  organization={Springer}
}

@article{sloth,
  title={String constraints with concatenation and transducers solved efficiently},
  author={Hol{\'\i}k, Luk{\'a}{\v{s}} and Jank\r{u}, Petr and Lin, Anthony W and R{\"u}mmer, Philipp and Vojnar, Tom{\'a}{\v{s}}},
  journal={Proceedings of the ACM on Programming Languages},
  volume={2},
  number={POPL},
  pages={4},
  year={2017},
  publisher={ACM}
}

@inproceedings{cvc4Tool,
  title={Cvc4},
  author={Barrett, Clark and Conway, Christopher L and Deters, Morgan and Hadarean, Liana and Jovanovi{\'c}, Dejan and King, Tim and Reynolds, Andrew and Tinelli, Cesare},
  booktitle={International Conference on Computer Aided Verification},
  pages={171--177},
  year={2011},
  organization={Springer}
}

@inproceedings{z3,
  title={Z3: An efficient SMT solver},
  author={De Moura, Leonardo and Bj{\o}rner, Nikolaj},
  booktitle={International conference on Tools and Algorithms for the Construction and Analysis of Systems},
  pages={337--340},
  year={2008},
  organization={Springer}
}

@inproceedings{abdulla2019chain,
	title={Chain-Free String Constraints},
	author={Abdulla, Parosh Aziz and Atig, Mohamed Faouzi and Diep, Bui Phi and Hol{\'\i}k, Luk{\'a}{\v{s}} and Jank\r{u}, Petr},
	booktitle={ATVA},
	pages={277--293},
	year={2019},
	organization={Springer}
}

@inproceedings{SeidlSMH04,
	author    = {Helmut Seidl and
	Thomas Schwentick and
	Anca Muscholl and
	Peter Habermehl},
	title     = {Counting in Trees for Free},
	booktitle = {ICALP},
	pages     = {1136--1149},
	year      = {2004}
}

@inproceedings{kiezun2009hampi,
	title={HAMPI: a solver for string constraints},
	author={Kiezun, Adam and Ganesh, Vijay and Guo, Philip J and Hooimeijer, Pieter and Ernst, Michael D},
	booktitle={Proceedings of the eighteenth international symposium on Software testing and analysis},
	pages={105--116},
	year={2009},
	organization={ACM}
}

@inproceedings{saxena2010symbolic,
	title={A symbolic execution framework for javascript},
	author={Saxena, Prateek and Akhawe, Devdatta and Hanna, Steve and Mao, Feng and McCamant, Stephen and Song, Dawn},
	booktitle={2010 IEEE Symposium on Security and Privacy},
	pages={513--528},
	year={2010},
	organization={IEEE}
}

@inproceedings{artzi2011framework,
	title={A framework for automated testing of javascript web applications},
	author={Artzi, Shay and Dolby, Julian and Jensen, Simon Holm and M{\o}ller, Anders and Tip, Frank},
	booktitle={Proceedings of the 33rd International Conference on Software Engineering},
	pages={571--580},
	year={2011},
	organization={ACM}
}

@inproceedings{huang2004securing,
	title={Securing web application code by static analysis and runtime protection},
	author={Huang, Yao-Wen and Yu, Fang and Hang, Christian and Tsai, Chung-Hung and Lee, Der-Tsai and Kuo, Sy-Yen},
	booktitle={Proceedings of the 13th international conference on World Wide Web},
	pages={40--52},
	year={2004},
	organization={ACM}
}

@inproceedings{sen2013jalangi,
	title={Jalangi: a selective record-replay and dynamic analysis framework for JavaScript},
	author={Sen, Koushik and Kalasapur, Swaroop and Brutch, Tasneem and Gibbs, Simon},
	booktitle={Proceedings of the 2013 9th Joint Meeting on Foundations of Software Engineering},
	pages={488--498},
	year={2013},
	organization={ACM}
}
@inproceedings{zheng2013z3,
	title={Z3-str: A z3-based string solver for web application analysis},
	author={Zheng, Yunhui and Zhang, Xiangyu and Ganesh, Vijay},
	booktitle={Proceedings of the 2013 9th Joint Meeting on Foundations of Software Engineering},
	pages={114--124},
	year={2013},
	organization={ACM}
}
@inproceedings{abdulla2015norn,
	title={Norn: An SMT solver for string constraints},
	author={Abdulla, Parosh Aziz and Atig, Mohamed Faouzi and Chen, Yu-Fang and Hol{\'\i}k, Luk{\'a}{\v{s}} and Rezine, Ahmed and R{\"u}mmer, Philipp and Stenman, Jari},
	booktitle={International Conference on Computer Aided Verification},
	pages={462--469},
	year={2015},
	organization={Springer}
}
@inproceedings{abdulla2014string,
	title={String constraints for verification},
	author={Abdulla, Parosh Aziz and Atig, Mohamed Faouzi and Chen, Yu-Fang and Hol{\'\i}k, Luk{\'a}{\v{s}} and Rezine, Ahmed and R{\"u}mmer, Philipp and Stenman, Jari},
	booktitle={International Conference on Computer Aided Verification},
	pages={150--166},
	year={2014},
	organization={Springer}
}
@article{abdulla2017flatten,
	title={Flatten and conquer: a framework for efficient analysis of string constraints},
	author={Abdulla, Parosh Aziz and Atig, Mohamed Faouzi and Chen, Yu-Fang and Diep, Bui Phi and Hol{\'\i}k, Luk{\'a}{\v{s}} and Rezine, Ahmed and R{\"u}mmer, Philipp},
	journal={ACM SIGPLAN Notices},
	volume={52},
	number={6},
	pages={602--617},
	year={2017},
	publisher={ACM}
}
@inproceedings{wang2016string,
	title={String analysis via automata manipulation with logic circuit representation},
	author={Wang, Hung-En and Tsai, Tzung-Lin and Lin, Chun-Han and Yu, Fang and Jiang, Jie-Hong R},
	booktitle={International Conference on Computer Aided Verification},
	pages={241--260},
	year={2016},
	organization={Springer}
}
@inproceedings{abdulla2018trau,
	title={Trau: SMT solver for string constraints},
	author={Abdulla, Parosh Aziz and Atig, Mohamed Faouzi and Chen, Yu-Fang and Diep, Bui Phi and Hol{\'\i}k, Luk{\'a}{\v{s}} and Rezine, Ahmed and R{\"u}mmer, Philipp},
	booktitle={2018 Formal Methods in Computer Aided Design (FMCAD)},
	pages={1--5},
	year={2018},
	organization={IEEE}
}

@article{chen2019decision,
	title={Decision procedures for path feasibility of string-manipulating programs with complex operations},
	author={Chen, Taolue and Hague, Matthew and Lin, Anthony W and R{\"u}mmer, Philipp and Wu, Zhilin},
	journal={Proceedings of the ACM on Programming Languages},
	volume={3},
	number={POPL},
	pages={49},
	year={2019},
	publisher={ACM}
}
@article{zheng2017z3str2,
	title={Z3str2: an efficient solver for strings, regular expressions, and length constraints},
	author={Zheng, Yunhui and Ganesh, Vijay and Subramanian, Sanu and Tripp, Omer and Berzish, Murphy and Dolby, Julian and Zhang, Xiangyu},
	journal={Formal Methods in System Design},
	volume={50},
	number={2-3},
	pages={249--288},
	year={2017},
	publisher={Springer}
}

@inproceedings{berzish2017z3str3,
  title={Z3str3: a string solver with theory-aware heuristics},
  author={Berzish, Murphy and Ganesh, Vijay and Zheng, Yunhui},
  booktitle={2017 Formal Methods in Computer Aided Design (FMCAD)},
  pages={55--59},
  year={2017},
  organization={IEEE}
}

@inproceedings{day2018satisfiability,
	title={The Satisfiability of Word Equations: Decidable and Undecidable Theories},
	author={Day, Joel D and Ganesh, Vijay and He, Paul and Manea, Florin and Nowotka, Dirk},
	booktitle={International Conference on Reachability Problems},
	pages={15--29},
	year={2018},
	organization={Springer}
}

@inproceedings{gan2015decidability,
	title={Decidability of the reachability for a family of linear vector fields},
	author={Gan, Ting and Chen, Mingshuai and Dai, Liyun and Xia, Bican and Zhan, Naijun},
	booktitle={International Symposium on Automated Technology for Verification and Analysis},
	pages={482--499},
	year={2015},
	organization={Springer}
}

@article{kincaid2019closed,
	title={Closed forms for numerical loops},
	author={Kincaid, Zachary and Breck, Jason and Cyphert, John and Reps, Thomas},
	journal={Proceedings of the ACM on Programming Languages},
	volume={3},
	number={POPL},
	pages={55},
	year={2019},
	publisher={ACM}
}

@inproceedings{achatz2008deciding,
	title={Deciding polynomial-exponential problems},
	author={Achatz, Melanie and McCallum, Scott and Weispfenning, Volker},
	booktitle={Proceedings of the twenty-first international symposium on Symbolic and algebraic computation},
	pages={215--222},
	year={2008},
	organization={ACM}
}
