@misc{LeetCode,
  title={{LeetCode}},
  author={Leetcode},
  url={https://leetcode.com/},
  year={2019}
}
@inproceedings{santos2018symbolic,
author    = {Jos{\'{e}} Fragoso Santos and
               Petar Maksimovic and
               Th{\'{e}}otime Grohens and
               Julian Dolby and
               Philippa Gardner},
  editor    = {David Sabel and
               Peter Thiemann},
  title     = {Symbolic Execution for JavaScript},
  booktitle = {Proceedings of the 20th International Symposium on Principles and
               Practice of Declarative Programming, {PPDP} 2018, Frankfurt am Main,
               Germany, September 03-05, 2018},
  pages     = {11:1--11:14},
  publisher = {{ACM}},
  year      = {2018},
}

@misc{ecmascript2019ecmascript,
  title={Ecmascript language specification},
  author={ECMAScript, ECMA and European Computer Manufacturers Association and others},
  url={https://www.ecma-international.org/ecma-262/},
  year={2019}
}

@inproceedings{aydin2018parameterized,
author    = {Abdulbaki Aydin and
               William Eiers and
               Lucas Bang and
               Tegan Brennan and
               Miroslav Gavrilov and
               Tevfik Bultan and
               Fang Yu},
  editor    = {Gary T. Leavens and
               Alessandro Garcia and
               Corina S. Pasareanu},
  title     = {Parameterized model counting for string and numeric constraints},
  booktitle = {Proceedings of the 2018 {ACM} Joint Meeting on European Software Engineering
               Conference and Symposium on the Foundations of Software Engineering,
               {ESEC/SIGSOFT} {FSE} 2018, Lake Buena Vista, FL, USA, November 04-09,
               2018},
  pages     = {400--410},
  publisher = {{ACM}},
  year      = {2018},
}

@inproceedings{yu2010stranger,
 author    = {Fang Yu and
               Muath Alkhalaf and
               Tevfik Bultan},
  editor    = {Javier Esparza and
               Rupak Majumdar},
  title     = {Stranger: An Automata-Based String Analysis Tool for {PHP}},
  booktitle = {Tools and Algorithms for the Construction and Analysis of Systems,
               16th International Conference, {TACAS} 2010, Held as Part of the Joint
               European Conferences on Theory and Practice of Software, {ETAPS} 2010,
               Paphos, Cyprus, March 20-28, 2010. Proceedings},
  series    = {Lecture Notes in Computer Science},
  volume    = {6015},
  pages     = {154--157},
  publisher = {Springer},
  year      = {2010},
}

@inproceedings{kausler2014evaluation,
author    = {Scott Kausler and
               Elena Sherman},
  editor    = {Ivica Crnkovic and
               Marsha Chechik and
               Paul Gr{\"{u}}nbacher},
  title     = {Evaluation of string constraint solvers in the context of symbolic
               execution},
  booktitle = {{ACM/IEEE} International Conference on Automated Software Engineering,
               {ASE} '14, Vasteras, Sweden - September 15 - 19, 2014},
  pages     = {259--270},
  publisher = {{ACM}},
  year      = {2014},
}

@inproceedings{goudong2013pass,
  author    = {Guodong Li and
               Indradeep Ghosh},
  editor    = {Valeria Bertacco and
               Axel Legay},
  title     = {{PASS:} String Solving with Parameterized Array and Interval Automaton},
  booktitle = {Hardware and Software: Verification and Testing - 9th International
               Haifa Verification Conference, {HVC} 2013, Haifa, Israel, November
               5-7, 2013, Proceedings},
  series    = {Lecture Notes in Computer Science},
  volume    = {8244},
  pages     = {15--31},
  publisher = {Springer},
  year      = {2013}
}

@inproceedings{trinh2016progressive,
author    = {Minh{-}Thai Trinh and
               Duc{-}Hiep Chu and
               Joxan Jaffar},
  editor    = {Swarat Chaudhuri and
               Azadeh Farzan},
  title     = {Progressive Reasoning over Recursively-Defined Strings},
  booktitle = {Computer Aided Verification - 28th International Conference, {CAV}
               2016, Toronto, ON, Canada, July 17-23, 2016, Proceedings, Part {I}},
  series    = {Lecture Notes in Computer Science},
  volume    = {9779},
  pages     = {218--240},
  publisher = {Springer},
  year      = {2016},
}

@inproceedings{trinh2014s3,
author    = {Minh{-}Thai Trinh and
               Duc{-}Hiep Chu and
               Joxan Jaffar},
  editor    = {Gail{-}Joon Ahn and
               Moti Yung and
               Ninghui Li},
  title     = {{S3:} {A} Symbolic String Solver for Vulnerability Detection in Web
               Applications},
  booktitle = {Proceedings of the 2014 {ACM} {SIGSAC} Conference on Computer and
               Communications Security, Scottsdale, AZ, USA, November 3-7, 2014},
  pages     = {1232--1243},
  publisher = {{ACM}},
}

@article{chen2017decidable,
author    = {Taolue Chen and
               Yan Chen and
               Matthew Hague and
               Anthony W. Lin and
               Zhilin Wu},
  title     = {What is decidable about string constraints with the ReplaceAll function},
  journal   = {{PACMPL}},
  volume    = {2},
  number    = {{POPL}},
  pages     = {3:1--3:29},
  year      = {2018},
}

@inproceedings{lin2016string,
author    = {Anthony Widjaja Lin and
               Pablo Barcel{\'{o}}},
  editor    = {Rastislav Bod{\'{\i}}k and
               Rupak Majumdar},
  title     = {String solving with word equations and transducers: towards a logic
               for analysing mutation {XSS}},
  booktitle = {Proceedings of the 43rd Annual {ACM} {SIGPLAN-SIGACT} Symposium on
               Principles of Programming Languages, {POPL} 2016, St. Petersburg,
               FL, USA, January 20 - 22, 2016},
  pages     = {123--136},
  publisher = {{ACM}},
  year      = {2016},
}

@article{barcelo2013graph,
  author    = {Pablo Barcel{\'{o}} and
               Diego Figueira and
               Leonid Libkin},
  title     = {Graph Logics with Rational Relations},
  journal   = {Logical Methods in Computer Science},
  volume    = {9},
  number    = {3},
  year      = {2013},
}

@inproceedings{morvan2000rational,
author    = {Christophe Morvan},
  editor    = {Jerzy Tiuryn},
  title     = {On Rational Graphs},
  booktitle = {Foundations of Software Science and Computation Structures, Third
               International Conference, {FOSSACS} 2000, Held as Part of the Joint
               European Conferences on Theory and Practice of Software,ETAPS 2000,
               Berlin, Germany, March 25 - April 2, 2000, Proceedings},
  series    = {Lecture Notes in Computer Science},
  volume    = {1784},
  pages     = {252--266},
  publisher = {Springer},
  year      = {2000},
  }

@article{buchi1990definability,
author    = {J. Richard B{\"{u}}chi and
               Steven Senger},
  title     = {Definability in the Existential Theory of Concatenation and Undecidable
               Extensions of this Theory},
  journal   = {Math. Log. Q.},
  volume    = {34},
  number    = {4},
  pages     = {337--342},
  year      = {1988},
}


@article{ganesh2016undecidability,
author    = {Vijay Ganesh and
               Murphy Berzish},
  title     = {Undecidability of a Theory of Strings, Linear Arithmetic over Length,
               and String-Number Conversion},
  journal   = {CoRR},
  volume    = {abs/1605.09442},
  year      = {2016},
  url       = {http://arxiv.org/abs/1605.09442},
  archivePrefix = {arXiv},
  eprint    = {1605.09442},}


@inproceedings{ganesh2012word,
author    = {Vijay Ganesh and
               Mia Minnes and
               Armando Solar{-}Lezama and
               Martin C. Rinard},
  editor    = {Armin Biere and
               Amir Nahir and
               Tanja E. J. Vos},
  title     = {Word Equations with Length Constraints: What's Decidable?},
  booktitle = {Hardware and Software: Verification and Testing - 8th International
               Haifa Verification Conference, {HVC} 2012, Haifa, Israel, November
               6-8, 2012. Revised Selected Papers},
  series    = {Lecture Notes in Computer Science},
  volume    = {7857},
  pages     = {209--226},
  publisher = {Springer},
  year      = {2012},
}

@inproceedings{schulz1990makanin,
author    = {Klaus U. Schulz},
  editor    = {Klaus U. Schulz},
  title     = {Makanin's Algorithm for Word Equations - Two Improvements and a Generalization},
  booktitle = {Word Equations and Related Topics, First International Workshop, {IWWERT}
               '90, T{\"{u}}bingen, Germany, October 1-3, 1990, Proceedings},
  series    = {Lecture Notes in Computer Science},
  volume    = {572},
  pages     = {85--150},
  publisher = {Springer},
  year      = {1990},
}

@inproceedings{robson1999quadratic,
author    = {John Michael Robson and
               Volker Diekert},
  editor    = {Christoph Meinel and
               Sophie Tison},
  title     = {On Quadratic Word Equations},
  booktitle = {{STACS} 99, 16th Annual Symposium on Theoretical Aspects of Computer
               Science, Trier, Germany, March 4-6, 1999, Proceedings},
  series    = {Lecture Notes in Computer Science},
  volume    = {1563},
  pages     = {217--226},
  publisher = {Springer},
  year      = {1999},
}

@incollection{matiyasevich2008computation,
author="Matiyasevich, Yuri",
editor="Cooper, S. Barry
and L{\"o}we, Benedikt
and Sorbi, Andrea",
title="Computation Paradigms in Light of Hilbert's Tenth Problem",
bookTitle="New Computational Paradigms: Changing Conceptions of What is Computable",
year="2008",
publisher="Springer New York",
address="New York, NY",
pages="59--85",}

@inproceedings{plandowski2006efficient,
author    = {Wojciech Plandowski},
  editor    = {Jon M. Kleinberg},
  title     = {An efficient algorithm for solving word equations},
  booktitle = {Proceedings of the 38th Annual {ACM} Symposium on Theory of Computing,
               Seattle, WA, USA, May 21-23, 2006},
  pages     = {467--476},
  publisher = {{ACM}},
  year      = {2006},
}

@inproceedings{plandowski1999satisfiability,
 author    = {Wojciech Plandowski},
  title     = {Satisfiability of Word Equations with Constants is in {PSPACE}},
  booktitle = {40th Annual Symposium on Foundations of Computer Science, {FOCS} '99,
               17-18 October, 1999, New York, NY, {USA}},
  pages     = {495--500},
  publisher = {{IEEE} Computer Society},
  year      = {1999},
}

@article{makanin1977problem,
  title={The problem of solvability of equations in a free semigroup},
  author={Makanin, Gennadiy Semenovich},
  journal={Matematicheskii Sbornik},
  volume={145},
  number={2},
  pages={147--236},
  year={1977},
  publisher={Russian Academy of Sciences, Steklov Mathematical Institute of Russian~…}
}

@article{quine1946concatenation,
author    = {Willard Van Orman Quine},
  title     = {Concatenation as a Basis for Arithmetic},
  journal   = {J. Symb. Log.},
  volume    = {11},
  number    = {4},
  pages     = {105--114},
  year      = {1946},
}

@inproceedings{saxena2010flax,
author    = {Prateek Saxena and
               Steve Hanna and
               Pongsin Poosankam and
               Dawn Song},
  title     = {{FLAX:} Systematic Discovery of Client-side Validation Vulnerabilities
               in Rich Web Applications},
  booktitle = {Proceedings of the Network and Distributed System Security Symposium,
               {NDSS} 2010, San Diego, California, USA, 28th February - 3rd March
               2010},
  publisher = {The Internet Society},
  year      = {2010},
}

@article{yu2011relational,
author    = {Fang Yu and
               Tevfik Bultan and
               Oscar H. Ibarra},
  title     = {Relational String Verification Using Multi-Track Automata},
  journal   = {Int. J. Found. Comput. Sci.},
  volume    = {22},
  number    = {8},
  pages     = {1909--1924},
  year      = {2011},
}

@inproceedings{yu2016optimal,
author    = {Fang Yu and
               Ching{-}Yuan Shueh and
               Chun{-}Han Lin and
               Yu{-}Fang Chen and
               Bow{-}Yaw Wang and
               Tevfik Bultan},
  editor    = {Andreas Zeller and
               Abhik Roychoudhury},
  title     = {Optimal sanitization synthesis for web application vulnerability repair},
  booktitle = {Proceedings of the 25th International Symposium on Software Testing
               and Analysis, {ISSTA} 2016, Saarbr{\"{u}}cken, Germany, July
               18-20, 2016},
  pages     = {189--200},
  publisher = {{ACM}},
  year      = {2016},
}

@inproceedings{blotsky2018stringfuzz,
author    = {Dmitry Blotsky and
               Federico Mora and
               Murphy Berzish and
               Yunhui Zheng and
               Ifaz Kabir and
               Vijay Ganesh},
  editor    = {Hana Chockler and
               Georg Weissenbacher},
  title     = {StringFuzz: {A} Fuzzer for String Solvers},
  booktitle = {Computer Aided Verification - 30th International Conference, {CAV}
               2018, Held as Part of the Federated Logic Conference, FloC 2018, Oxford,
               UK, July 14-17, 2018, Proceedings, Part {II}},
  series    = {Lecture Notes in Computer Science},
  volume    = {10982},
  pages     = {45--51},
  publisher = {Springer},
  year      = {2018},
}

@InProceedings{aplas,
author    = {Quang Loc Le and
               Mengda He},
  editor    = {Sukyoung Ryu},
  title     = {A Decision Procedure for String Logic with Quadratic Equations, Regular
               Expressions and Length Constraints},
  booktitle = {Programming Languages and Systems - 16th Asian Symposium, {APLAS}
               2018, Wellington, New Zealand, December 2-6, 2018, Proceedings},
  series    = {Lecture Notes in Computer Science},
  volume    = {11275},
  pages     = {350--372},
  publisher = {Springer},
  year      = {2018},
}

@InProceedings{termEQ,
author    = {Andrew Reynolds and
               Andres N{\"{o}}tzli and
               Clark W. Barrett and
               Cesare Tinelli},
  editor    = {Isil Dillig and
               Serdar Tasiran},
  title     = {High-Level Abstractions for Simplifying Extended String Constraints
               in {SMT}},
  booktitle = {Computer Aided Verification - 31st International Conference, {CAV}
               2019, New York City, NY, USA, July 15-18, 2019, Proceedings, Part
               {II}},
  series    = {Lecture Notes in Computer Science},
  volume    = {11562},
  pages     = {23--42},
  publisher = {Springer},
  year      = {2019},
}


@InProceedings{pyex,
author    = {Andrew Reynolds and
               Maverick Woo and
               Clark W. Barrett and
               David Brumley and
               Tianyi Liang and
               Cesare Tinelli},
  editor    = {Rupak Majumdar and
               Viktor Kuncak},
  title     = {Scaling Up {DPLL(T)} String Solvers Using Context-Dependent Simplification},
  booktitle = {Computer Aided Verification - 29th International Conference, {CAV}
               2017, Heidelberg, Germany, July 24-28, 2017, Proceedings, Part {II}},
  series    = {Lecture Notes in Computer Science},
  volume    = {10427},
  pages     = {453--474},
  publisher = {Springer},
  year      = {2017},
}

@article{sloth,
author    = {Luk{\'{a}}s Hol{\'{\i}}k and
               Petr Janku and
               Anthony W. Lin and
               Philipp R{\"{u}}mmer and
               Tom{\'{a}}s Vojnar},
  title     = {String constraints with concatenation and transducers solved efficiently},
  journal   = {{PACMPL}},
  volume    = {2},
  number    = {{POPL}},
  pages     = {4:1--4:32},
  year      = {2018},
}

@inproceedings{cvc4Tool,
author    = {Clark W. Barrett and
               Christopher L. Conway and
               Morgan Deters and
               Liana Hadarean and
               Dejan Jovanovic and
               Tim King and
               Andrew Reynolds and
               Cesare Tinelli},
  editor    = {Ganesh Gopalakrishnan and
               Shaz Qadeer},
  title     = {{CVC4}},
  booktitle = {Computer Aided Verification - 23rd International Conference, {CAV}
               2011, Snowbird, UT, USA, July 14-20, 2011. Proceedings},
  series    = {Lecture Notes in Computer Science},
  volume    = {6806},
  pages     = {171--177},
  publisher = {Springer},
  year      = {2011},
}

@inproceedings{z3,
author    = {Leonardo Mendon{\c{c}}a de Moura and
               Nikolaj Bj{\o}rner},
  editor    = {C. R. Ramakrishnan and
               Jakob Rehof},
  title     = {{Z3:} An Efficient {SMT} Solver},
  booktitle = {Tools and Algorithms for the Construction and Analysis of Systems,
               14th International Conference, {TACAS} 2008, Held as Part of the Joint
               European Conferences on Theory and Practice of Software, {ETAPS} 2008,
               Budapest, Hungary, March 29-April 6, 2008. Proceedings},
  series    = {Lecture Notes in Computer Science},
  volume    = {4963},
  pages     = {337--340},
  publisher = {Springer},
  year      = {2008},
}

@inproceedings{abdulla2019chain,
author    = {Parosh Aziz Abdulla and
               Mohamed Faouzi Atig and
               Bui Phi Diep and
               Luk{\'{a}}s Hol{\'{\i}}k and
               Petr Janku},
  editor    = {Yu{-}Fang Chen and
               Chih{-}Hong Cheng and
               Javier Esparza},
  title     = {Chain-Free String Constraints},
  booktitle = {Automated Technology for Verification and Analysis - 17th International
               Symposium, {ATVA} 2019, Taipei, Taiwan, October 28-31, 2019, Proceedings},
  series    = {Lecture Notes in Computer Science},
  volume    = {11781},
  pages     = {277--293},
  publisher = {Springer},
  year      = {2019},
}

@inproceedings{SeidlSMH04,
author    = {Helmut Seidl and
               Thomas Schwentick and
               Anca Muscholl},
  editor    = {J{\"{o}}rg Flum and
               Erich Gr{\"{a}}del and
               Thomas Wilke},
  title     = {Counting in trees},
  booktitle = {Logic and Automata: History and Perspectives [in Honor of Wolfgang
               Thomas]},
  series    = {Texts in Logic and Games},
  volume    = {2},
  pages     = {575--612},
  publisher = {Amsterdam University Press},
  year      = {2008},
}

@inproceedings{kiezun2009hampi,
author    = {Adam Kiezun and
               Vijay Ganesh and
               Philip J. Guo and
               Pieter Hooimeijer and
               Michael D. Ernst},
  editor    = {Gregg Rothermel and
               Laura K. Dillon},
  title     = {{HAMPI:} a solver for string constraints},
  booktitle = {Proceedings of the Eighteenth International Symposium on Software
               Testing and Analysis, {ISSTA} 2009, Chicago, IL, USA, July 19-23,
               2009},
  pages     = {105--116},
  publisher = {{ACM}},
  year      = {2009},
}

@inproceedings{saxena2010symbolic,
author    = {Prateek Saxena and
               Devdatta Akhawe and
               Steve Hanna and
               Feng Mao and
               Stephen McCamant and
               Dawn Song},
  title     = {A Symbolic Execution Framework for JavaScript},
  booktitle = {31st {IEEE} Symposium on Security and Privacy, S{\&}P 2010, 16-19
               May 2010, Berleley/Oakland, California, {USA}},
  pages     = {513--528},
  publisher = {{IEEE} Computer Society},
  year      = {2010},
}

@inproceedings{artzi2011framework,
author    = {Shay Artzi and
               Julian Dolby and
               Simon Holm Jensen and
               Anders M{\o}ller and
               Frank Tip},
  editor    = {Richard N. Taylor and
               Harald C. Gall and
               Nenad Medvidovic},
  title     = {A framework for automated testing of javascript web applications},
  booktitle = {Proceedings of the 33rd International Conference on Software Engineering,
               {ICSE} 2011, Waikiki, Honolulu , HI, USA, May 21-28, 2011},
  pages     = {571--580},
  publisher = {{ACM}},
  year      = {2011},
}

@inproceedings{huang2004securing,
author    = {Yao{-}Wen Huang and
               Fang Yu and
               Christian Hang and
               Chung{-}Hung Tsai and
               Der{-}Tsai Lee and
               Sy{-}Yen Kuo},
  editor    = {Stuart I. Feldman and
               Mike Uretsky and
               Marc Najork and
               Craig E. Wills},
  title     = {Securing web application code by static analysis and runtime protection},
  booktitle = {Proceedings of the 13th international conference on World Wide Web,
               {WWW} 2004, New York, NY, USA, May 17-20, 2004},
  pages     = {40--52},
  publisher = {{ACM}},
  year      = {2004},
}

@inproceedings{sen2013jalangi,
author    = {Koushik Sen and
               Swaroop Kalasapur and
               Tasneem G. Brutch and
               Simon Gibbs},
  editor    = {Bertrand Meyer and
               Luciano Baresi and
               Mira Mezini},
  title     = {Jalangi: a selective record-replay and dynamic analysis framework
               for JavaScript},
  booktitle = {Joint Meeting of the European Software Engineering Conference and
               the {ACM} {SIGSOFT} Symposium on the Foundations of Software Engineering,
               ESEC/FSE'13, Saint Petersburg, Russian Federation, August 18-26, 2013},
  pages     = {488--498},
  publisher = {{ACM}},
  year      = {2013},
}
@inproceedings{zheng2013z3,
author    = {Yunhui Zheng and
               Xiangyu Zhang and
               Vijay Ganesh},
  editor    = {Bertrand Meyer and
               Luciano Baresi and
               Mira Mezini},
  title     = {Z3-str: a z3-based string solver for web application analysis},
  booktitle = {Joint Meeting of the European Software Engineering Conference and
               the {ACM} {SIGSOFT} Symposium on the Foundations of Software Engineering,
               ESEC/FSE'13, Saint Petersburg, Russian Federation, August 18-26, 2013},
  pages     = {114--124},
  publisher = {{ACM}},
  year      = {2013},
}



@inproceedings{abdulla2015norn,
author    = {Parosh Aziz Abdulla and
               Mohamed Faouzi Atig and
               Yu{-}Fang Chen and
               Luk{\'{a}}s Hol{\'{\i}}k and
               Ahmed Rezine and
               Philipp R{\"{u}}mmer and
               Jari Stenman},
  editor    = {Daniel Kroening and
               Corina S. Pasareanu},
  title     = {Norn: An {SMT} Solver for String Constraints},
  booktitle = {Computer Aided Verification - 27th International Conference, {CAV}
               2015, San Francisco, CA, USA, July 18-24, 2015, Proceedings, Part
               {I}},
  series    = {Lecture Notes in Computer Science},
  volume    = {9206},
  pages     = {462--469},
  publisher = {Springer},
  year      = {2015},
}
@inproceedings{abdulla2014string,
author    = {Parosh Aziz Abdulla and
               Mohamed Faouzi Atig and
               Yu{-}Fang Chen and
               Luk{\'{a}}s Hol{\'{\i}}k and
               Ahmed Rezine and
               Philipp R{\"{u}}mmer and
               Jari Stenman},
  editor    = {Armin Biere and
               Roderick Bloem},
  title     = {String Constraints for Verification},
  booktitle = {Computer Aided Verification - 26th International Conference, {CAV}
               2014, Held as Part of the Vienna Summer of Logic, {VSL} 2014, Vienna,
               Austria, July 18-22, 2014. Proceedings},
  series    = {Lecture Notes in Computer Science},
  volume    = {8559},
  pages     = {150--166},
  publisher = {Springer},
  year      = {2014},
}
@inproceedings{abdulla2017flatten,
author    = {Parosh Aziz Abdulla and
               Mohamed Faouzi Atig and
               Yu{-}Fang Chen and
               Bui Phi Diep and
               Luk{\'{a}}s Hol{\'{\i}}k and
               Ahmed Rezine and
               Philipp R{\"{u}}mmer},
  editor    = {Albert Cohen and
               Martin T. Vechev},
  title     = {Flatten and conquer: a framework for efficient analysis of string
               constraints},
  booktitle = {Proceedings of the 38th {ACM} {SIGPLAN} Conference on Programming
               Language Design and Implementation, {PLDI} 2017, Barcelona, Spain,
               June 18-23, 2017},
  pages     = {602--617},
  publisher = {{ACM}},
  year      = {2017},
}
@inproceedings{wang2016string,
author    = {Hung{-}En Wang and
               Tzung{-}Lin Tsai and
               Chun{-}Han Lin and
               Fang Yu and
               Jie{-}Hong R. Jiang},
  editor    = {Swarat Chaudhuri and
               Azadeh Farzan},
  title     = {String Analysis via Automata Manipulation with Logic Circuit Representation},
  booktitle = {Computer Aided Verification - 28th International Conference, {CAV}
               2016, Toronto, ON, Canada, July 17-23, 2016, Proceedings, Part {I}},
  series    = {Lecture Notes in Computer Science},
  volume    = {9779},
  pages     = {241--260},
  publisher = {Springer},
  year      = {2016},
}
@inproceedings{abdulla2018trau,
author    = {Parosh Aziz Abdulla and
               Mohamed Faouzi Atig and
               Yu{-}Fang Chen and
               Bui Phi Diep and
               Luk{\'{a}}s Hol{\'{\i}}k and
               Ahmed Rezine and
               Philipp R{\"{u}}mmer},
  editor    = {Nikolaj Bj{\o}rner and
               Arie Gurfinkel},
  title     = {Trau: {SMT} solver for string constraints},
  booktitle = {2018 Formal Methods in Computer Aided Design, {FMCAD} 2018, Austin,
               TX, USA, October 30 - November 2, 2018},
  pages     = {1--5},
  publisher = {{IEEE}},
  year      = {2018},
}

@article{chen2019decision,
author    = {Taolue Chen and
               Matthew Hague and
               Anthony W. Lin and
               Philipp R{\"{u}}mmer and
               Zhilin Wu},
  title     = {Decision procedures for path feasibility of string-manipulating programs
               with complex operations},
  journal   = {{PACMPL}},
  volume    = {3},
  number    = {{POPL}},
  pages     = {49:1--49:30},
  year      = {2019},
}
@article{zheng2017z3str2,
author    = {Yunhui Zheng and
               Vijay Ganesh and
               Sanu Subramanian and
               Omer Tripp and
               Murphy Berzish and
               Julian Dolby and
               Xiangyu Zhang},
  title     = {Z3str2: an efficient solver for strings, regular expressions, and
               length constraints},
  journal   = {Formal Methods Syst. Des.},
  volume    = {50},
  number    = {2-3},
  pages     = {249--288},
  year      = {2017},
}

@inproceedings{berzish2017z3str3,
author    = {Murphy Berzish and
               Vijay Ganesh and
               Yunhui Zheng},
  editor    = {Daryl Stewart and
               Georg Weissenbacher},
  title     = {Z3str3: {A} string solver with theory-aware heuristics},
  booktitle = {2017 Formal Methods in Computer Aided Design, {FMCAD} 2017, Vienna,
               Austria, October 2-6, 2017},
  pages     = {55--59},
  publisher = {{IEEE}},
  year      = {2017},
}

@inproceedings{day2018satisfiability,
author    = {Joel D. Day and
               Vijay Ganesh and
               Paul He and
               Florin Manea and
               Dirk Nowotka},
  editor    = {Igor Potapov and
               Pierre{-}Alain Reynier},
  title     = {The Satisfiability of Word Equations: Decidable and Undecidable Theories},
  booktitle = {Reachability Problems - 12th International Conference, {RP} 2018,
               Marseille, France, September 24-26, 2018, Proceedings},
  series    = {Lecture Notes in Computer Science},
  volume    = {11123},
  pages     = {15--29},
  publisher = {Springer},
  year      = {2018},
}

@inproceedings{gan2015decidability,
author    = {Ting Gan and
               Mingshuai Chen and
               Liyun Dai and
               Bican Xia and
               Naijun Zhan},
  editor    = {Bernd Finkbeiner and
               Geguang Pu and
               Lijun Zhang},
  title     = {Decidability of the Reachability for a Family of Linear Vector Fields},
  booktitle = {Automated Technology for Verification and Analysis - 13th International
               Symposium, {ATVA} 2015, Shanghai, China, October 12-15, 2015, Proceedings},
  series    = {Lecture Notes in Computer Science},
  volume    = {9364},
  pages     = {482--499},
  publisher = {Springer},
  year      = {2015},
}

@article{kincaid2019closed,
author    = {Zachary Kincaid and
               Jason Breck and
               John Cyphert and
               Thomas W. Reps},
  title     = {Closed forms for numerical loops},
  journal   = {{PACMPL}},
  volume    = {3},
  number    = {{POPL}},
  pages     = {55:1--55:29},
  year      = {2019},
}

@inproceedings{achatz2008deciding,
author    = {Melanie Achatz and
               Scott McCallum and
               Volker Weispfenning},
  editor    = {J. Rafael Sendra and
               Laureano Gonz{\'{a}}lez{-}Vega},
  title     = {Deciding polynomial-exponential problems},
  booktitle = {Symbolic and Algebraic Computation, International Symposium, {ISSAC}
               2008, Linz/Hagenberg, Austria, July 20-23, 2008, Proceedings},
  pages     = {215--222},
  publisher = {{ACM}},
  year      = {2008},
}
